<collection xmlns="http://www.loc.gov/MARC21/slim">
<record>
  <leader>00397na 0a22001211i 450 </leader>
  <controlfield tag="001">IT\ICCU\CNCE\079419</controlfield>
  <controlfield tag="005">20170317000000.0</controlfield>
  <datafield tag="100" ind1=" " ind2=" ">
    <subfield code="a">20170317             0itac0103    ba</subfield>
  </datafield>
  <datafield tag="101" ind1=" " ind2=" ">
    <subfield code="a">ITA</subfield>
  </datafield>
  <datafield tag="200" ind1="1" ind2=" ">
    <subfield code="a">Sermones de santis. Fratris Gabrielis Barelete</subfield>
  </datafield>
  <datafield tag="700" ind1=" " ind2="1">
    <subfield code="a">Barletta,</subfield>
    <subfield code="b">Gabriele</subfield>
    <subfield code="3">IT\ICCU\CNCA\001391</subfield>
  </datafield>
  <datafield tag="790" ind1=" " ind2="0">
    <subfield code="a">Gabriele</subfield>
    <subfield code="c"> : de#Barletta</subfield>
    <subfield code="3">IT\ICCU\CNCA\014021</subfield>
    <subfield code="z">Barletta, Gabriele</subfield>
  </datafield>
  <datafield tag="801" ind1=" " ind2="3">
    <subfield code="a">IT</subfield>
    <subfield code="b">ICCU</subfield>
    <subfield code="c">20201115</subfield>
  </datafield>
</record>
</collection>
